%*************
% Bibliography
%*************

%\chapter{References}
%\label{chap:references}

\input{A_references/atmosphere.bib}
\input{A_references/telescopes.bib}
\input{A_references/instruments.bib}
\input{A_references/detectors.bib}

\input{A_references/micado.bib}

\input{A_references/simulators.bib}
\input{A_references/software.bib}

\input{A_references/surveys.bib}
\input{A_references/imf.bib}
\input{A_references/quasar.bib}
\input{A_references/supernova.bib}

\input{A_references/misc.bib}