% atmosphere references


@ARTICLE{moreels08,
   author = {{Moreels}, G. and {Clairemidi}, J. and {Faivre}, M. and {Pautet}, D. and 
	{Rubio da Costa}, F. and {Rousselot}, P. and {Meriwether}, J.~W. and 
	{Lehmacher}, G.~A. and {Vidal}, E. and {Chau}, J.~L. and {Monnet}, G.
	},
    title = "{Near-infrared sky background fluctuations at mid- and low latitudes}",
  journal = {Experimental Astronomy},
 keywords = {Atmospheric effects, Sky background, Image processing, Infrared, Stars},
     year = 2008,
    month = oct,
   volume = 22,
    pages = {87-107},
      doi = {10.1007/s10686-008-9089-6},
   adsurl = {http://adsabs.harvard.edu/abs/2008ExA....22...87M},
  adsnote = {Provided by the SAO/NASA Astrophysics Data System}
}



@ARTICLE{pedani14,
   author = {{Pedani}, M.},
    title = "{Sky surface brightness at Mount Graham II. First JHKs science observations with the Large Binocular Telescope}",
  journal = {New Astronomy},
     year = 2014,
    month = apr,
   volume = 28,
    pages = {63-69},
      doi = {10.1016/j.newast.2013.10.005},
   adsurl = {http://adsabs.harvard.edu/abs/2014NewA...28...63P},
  adsnote = {Provided by the SAO/NASA Astrophysics Data System}
}


@ARTICLE{stone1996,
   author = {{Stone}, R.~C.},
    title = "{An Accurate Method for Computing Atmospheric Refraction}",
  journal = {\pasp},
 keywords = {ATMOSPHERIC EFFECTS, METHODS: NUMERICAL},
     year = 1996,
    month = nov,
   volume = 108,
    pages = {1051-1058},
      doi = {10.1086/133831},
   adsurl = {http://cdsads.u-strasbg.fr/abs/1996PASP..108.1051S},
  adsnote = {Provided by the SAO/NASA Astrophysics Data System}
}