% Detector references


@INPROCEEDINGS{hall2011,
   author = {{Hall}, D.~N.~B.},
    title = "{The Development And Use Of The HAWAII 2RG Array And SIDECAR ASIC For 1 - 5 Micron IR Observations With A Preview Of The Coming HAWAII 4RG-15.}",
booktitle = {American Astronomical Society Meeting Abstracts \#217},
     year = 2011,
   series = {Bulletin of the American Astronomical Society},
   volume = 43,
    month = jan,
      eid = {425.07},
    pages = {425.07},
   adsurl = {http://adsabs.harvard.edu/abs/2011AAS...21742507H},
  adsnote = {Provided by the SAO/NASA Astrophysics Data System}
}


@INPROCEEDINGS{moseley10,
   author = {{Moseley}, S.~H. and {Arendt}, R.~G. and {Fixsen}, D.~J. and 
	{Lindler}, D. and {Loose}, M. and {Rauscher}, B.~J.},
    title = "{Reducing the read noise of H2RG detector arrays: eliminating correlated noise with efficient use of reference signals}",
booktitle = {High Energy, Optical, and Infrared Detectors for Astronomy IV},
     year = 2010,
   series = {\procspie},
   volume = 7742,
    month = jul,
      eid = {77421B},
    pages = {77421B},
      doi = {10.1117/12.866773},
   adsurl = {http://adsabs.harvard.edu/abs/2010SPIE.7742E..1BM},
  adsnote = {Provided by the SAO/NASA Astrophysics Data System}
}


@INPROCEEDINGS{rauscher12,
   author = {{Rauscher}, B.~J. and {Arendt}, R.~G. and {Fixsen}, D.~J. and 
	{Lander}, M. and {Lindler}, D. and {Loose}, M. and {Moseley}, S.~H. and 
	{Wilson}, D.~V. and {Xenophontos}, C.},
    title = "{Reducing the read noise of HAWAII-2RG detector systems with improved reference sampling and subtraction (IRS$^{2}$)}",
booktitle = {High Energy, Optical, and Infrared Detectors for Astronomy V},
     year = 2012,
   series = {\procspie},
   volume = 8453,
    month = jul,
      eid = {84531F},
    pages = {84531F},
      doi = {10.1117/12.926089},
   adsurl = {http://adsabs.harvard.edu/abs/2012SPIE.8453E..1FR},
  adsnote = {Provided by the SAO/NASA Astrophysics Data System}
}


@ARTICLE{rauscher07,
   author = {{Rauscher}, B.~J. and {Fox}, O. and {Ferruit}, P. and {Hill}, R.~J. and 
	{Waczynski}, A. and {Wen}, Y. and {Xia-Serafino}, W. and {Mott}, B. and 
	{Alexander}, D. and {Brambora}, C.~K. and {Derro}, R. and {Engler}, C. and 
	{Garrison}, M.~B. and {Johnson}, T. and {Manthripragada}, S.~S. and 
	{Marsh}, J.~M. and {Marshall}, C. and {Martineau}, R.~J. and 
	{Shakoorzadeh}, K.~B. and {Wilson}, D. and {Roher}, W.~D. and 
	{Smith}, M. and {Cabelli}, C. and {Garnett}, J. and {Loose}, M. and 
	{Wong-Anglin}, S. and {Zandian}, M. and {Cheng}, E. and {Ellis}, T. and 
	{Howe}, B. and {Jurado}, M. and {Lee}, G. and {Nieznanski}, J. and 
	{Wallis}, P. and {York}, J. and {Regan}, M.~W. and {Hall}, D.~N.~B. and 
	{Hodapp}, K.~W. and {B{\"o}ker}, T. and {De Marchi}, G. and 
	{Jakobsen}, P. and {Strada}, P.},
    title = "{Detectors for the James Webb Space Telescope Near-Infrared Spectrograph. I. Readout Mode, Noise Model, and Calibration Considerations}",
  journal = {\pasp},
archivePrefix = "arXiv",
   eprint = {0706.2344},
 keywords = {Astronomical Instrumentation},
     year = 2007,
    month = jul,
   volume = 119,
    pages = {768-786},
      doi = {10.1086/520887},
   adsurl = {http://adsabs.harvard.edu/abs/2007PASP..119..768R},
  adsnote = {Provided by the SAO/NASA Astrophysics Data System}
}



@INPROCEEDINGS{finger2008,
   author = {{Finger}, G. and {Dorn}, R.~J. and {Eschbaumer}, S. and {Hall}, D.~N.~B. and 
	{Mehrgan}, L. and {Meyer}, M. and {Stegmeier}, J.},
    title = "{Performance evaluation, readout modes, and calibration techniques of HgCdTe Hawaii-2RG mosaic arrays}",
booktitle = {High Energy, Optical, and Infrared Detectors for Astronomy III},
     year = 2008,
   series = {\procspie},
   volume = 7021,
    month = jul,
      eid = {70210P},
    pages = {70210P},
      doi = {10.1117/12.787971},
   adsurl = {http://adsabs.harvard.edu/abs/2008SPIE.7021E..0PF},
  adsnote = {Provided by the SAO/NASA Astrophysics Data System}
}


@INPROCEEDINGS{hawaii2rg,
   author = {{Loose}, M. and {Beletic}, J. and {Garnett}, J. and {Xu}, M.
	},
    title = "{High-performance focal plane arrays based on the HAWAII-2RG/4G and the SIDECAR ASIC}",
booktitle = {Focal Plane Arrays for Space Telescopes III},
     year = 2007,
   series = {\procspie},
   volume = 6690,
    month = sep,
      eid = {66900C},
    pages = {66900C},
      doi = {10.1117/12.735625},
   adsurl = {http://adsabs.harvard.edu/abs/2007SPIE.6690E..0CL},
  adsnote = {Provided by the SAO/NASA Astrophysics Data System}
}
