% References for the IMF stuff

@ARTICLE{pecaut2013,
   author = {{Pecaut}, M.~J. and {Mamajek}, E.~E.},
    title = "{Intrinsic Colors, Temperatures, and Bolometric Corrections of Pre-main-sequence Stars}",
  journal = {\apjs},
archivePrefix = "arXiv",
   eprint = {1307.2657},
 primaryClass = "astro-ph.SR",
 keywords = {open clusters and associations: individual: {$\eta$} Cha cluster TW Hydra Association {$\beta$} Pic Moving Group Tucana-Horologium Association, stars: fundamental parameters, stars: pre-main sequence},
     year = 2013,
    month = sep,
   volume = 208,
      eid = {9},
    pages = {9},
      doi = {10.1088/0067-0049/208/1/9},
   adsurl = {http://adsabs.harvard.edu/abs/2013ApJS..208....9P},
  adsnote = {Provided by the SAO/NASA Astrophysics Data System}
}


@ARTICLE{ledrew01,
   author = {{Ledrew}, G.},
    title = "{The Real Starry Sky}",
  journal = {\jrasc},
     year = 2001,
    month = feb,
   volume = 95,
    pages = {32},
   adsurl = {http://adsabs.harvard.edu/abs/2001JRASC..95...32L},
  adsnote = {Provided by the SAO/NASA Astrophysics Data System}
}


@ARTICLE{kirby08,
   author = {{Kirby}, E.~N. and {Simon}, J.~D. and {Geha}, M. and {Guhathakurta}, P. and 
	{Frebel}, A.},
    title = "{Uncovering Extremely Metal-Poor Stars in the Milky Way's Ultrafaint Dwarf Spheroidal Satellite Galaxies}",
  journal = {\apjl},
archivePrefix = "arXiv",
   eprint = {0807.1925},
 keywords = {galaxies: abundances, galaxies: dwarf},
     year = 2008,
    month = sep,
   volume = 685,
      eid = {L43},
    pages = {L43},
      doi = {10.1086/592432},
   adsurl = {http://adsabs.harvard.edu/abs/2008ApJ...685L..43K},
  adsnote = {Provided by the SAO/NASA Astrophysics Data System}
}


@ARTICLE{espinoza09,
   author = {{Espinoza}, P. and {Selman}, F.~J. and {Melnick}, J.},
    title = "{The massive star initial mass function of the Arches cluster}",
  journal = {\aap},
archivePrefix = "arXiv",
   eprint = {0903.2222},
 keywords = {Galaxy: open clusters and associations: individual: Arches, stars: early-type, instrumentation: adaptive optics, ISM: dust, extinction, stars: luminosity function, mass function},
     year = 2009,
    month = jul,
   volume = 501,
    pages = {563-583},
      doi = {10.1051/0004-6361/20078597},
   adsurl = {http://adsabs.harvard.edu/abs/2009A%26A...501..563E},
  adsnote = {Provided by the SAO/NASA Astrophysics Data System}
}




@ARTICLE{melnik95,
   author = {{Mel'Nik}, A.~M. and {Efremov}, Y.~N.},
    title = "{A new list of OB associations in our galaxy}",
  journal = {Astronomy Letters},
     year = 1995,
    month = jan,
   volume = 21,
    pages = {10-26},
   adsurl = {http://adsabs.harvard.edu/abs/1995AstL...21...10M},
  adsnote = {Provided by the SAO/NASA Astrophysics Data System}
}


@ARTICLE{piskunov07,
   author = {{Piskunov}, A.~E. and {Schilbach}, E. and {Kharchenko}, N.~V. and 
	{R{\"o}ser}, S. and {Scholz}, R.-D.},
    title = "{Towards absolute scales for the radii and masses of open clusters}",
  journal = {\aap},
   eprint = {astro-ph/0702517},
 keywords = {Galaxy: open clusters and associations: general, solar neighbourhood, Galaxy: stellar content},
     year = 2007,
    month = jun,
   volume = 468,
    pages = {151-161},
      doi = {10.1051/0004-6361:20077073},
   adsurl = {http://adsabs.harvard.edu/abs/2007A%26A...468..151P},
  adsnote = {Provided by the SAO/NASA Astrophysics Data System}
}


@ARTICLE{mamajek,
   author = {{Pecaut}, M.~J. and {Mamajek}, E.~E.},
    title = "{Intrinsic Colors, Temperatures, and Bolometric Corrections of Pre-main-sequence Stars}",
  journal = {\apjs},
archivePrefix = "arXiv",
   eprint = {1307.2657},
 primaryClass = "astro-ph.SR",
 keywords = {open clusters and associations: individual: {$\eta$} Cha cluster TW Hydra Association {$\beta$} Pic Moving Group Tucana-Horologium Association, stars: fundamental parameters, stars: pre-main sequence},
     year = 2013,
    month = sep,
   volume = 208,
      eid = {9},
    pages = {9},
      doi = {10.1088/0067-0049/208/1/9},
   adsurl = {http://adsabs.harvard.edu/abs/2013ApJS..208....9P},
  adsnote = {Provided by the SAO/NASA Astrophysics Data System}
}



@ARTICLE{chabrier,
   author = {{Chabrier}, G.},
    title = "{Galactic Stellar and Substellar Initial Mass Function}",
  journal = {\pasp},
   eprint = {astro-ph/0304382},
 keywords = {Galaxies: Luminosity Function, Mass Function, Invited Reviews},
     year = 2003,
    month = jul,
   volume = 115,
    pages = {763-795},
      doi = {10.1086/376392},
   adsurl = {http://adsabs.harvard.edu/abs/2003PASP..115..763C},
  adsnote = {Provided by the SAO/NASA Astrophysics Data System}
}


@ARTICLE{salpeter,
   author = {{Salpeter}, E.~E.},
    title = "{The Luminosity Function and Stellar Evolution.}",
  journal = {\apj},
     year = 1955,
    month = jan,
   volume = 121,
    pages = {161},
      doi = {10.1086/145971},
   adsurl = {http://adsabs.harvard.edu/abs/1955ApJ...121..161S},
  adsnote = {Provided by the SAO/NASA Astrophysics Data System}
}


@ARTICLE{kroupa,
   author = {{Kroupa}, P.},
    title = "{On the variation of the initial mass function}",
  journal = {\mnras},
   eprint = {astro-ph/0009005},
 keywords = {BINARIES: GENERAL, STARS: FORMATION, STARS: KINEMATICS, STARS: LUMINOSITY FUNCTION, MASS FUNCTION, GLOBULAR CLUSTERS: GENERAL, OPEN CLUSTERS AND ASSOCIATIONS: GENERAL},
     year = 2001,
    month = apr,
   volume = 322,
    pages = {231-246},
      doi = {10.1046/j.1365-8711.2001.04022.x},
   adsurl = {http://adsabs.harvard.edu/abs/2001MNRAS.322..231K},
  adsnote = {Provided by the SAO/NASA Astrophysics Data System}
}


@ARTICLE{sirianni,
   author = {{Sirianni}, M. and {Nota}, A. and {Leitherer}, C. and {De Marchi}, G. and 
	{Clampin}, M.},
    title = "{The Low End of the Initial Mass Function in Young Large Magellanic Cloud Clusters. I. The Case of R136}",
  journal = {\apj},
   eprint = {astro-ph/9911524},
 keywords = {GALAXIES: STAR CLUSTERS, GALAXIES: MAGELLANIC CLOUDS, STARS: LUMINOSITY FUNCTION, MASS FUNCTION, STARS: PRE-MAIN-SEQUENCE},
     year = 2000,
    month = apr,
   volume = 533,
    pages = {203-214},
      doi = {10.1086/308628},
   adsurl = {http://adsabs.harvard.edu/abs/2000ApJ...533..203S},
  adsnote = {Provided by the SAO/NASA Astrophysics Data System}
}


@ARTICLE{portegies10,
   author = {{Portegies Zwart}, S.~F. and {McMillan}, S.~L.~W. and {Gieles}, M.
	},
    title = "{Young Massive Star Clusters}",
  journal = {\araa},
archivePrefix = "arXiv",
   eprint = {1002.1961},
     year = 2010,
    month = sep,
   volume = 48,
    pages = {431-493},
      doi = {10.1146/annurev-astro-081309-130834},
   adsurl = {http://adsabs.harvard.edu/abs/2010ARA%26A..48..431P},
  adsnote = {Provided by the SAO/NASA Astrophysics Data System}
}
