@INPROCEEDINGS{micado,
   author = {{Davies}, R. and {Ageorges}, N. and {Barl}, L. and {Bedin}, L.~R. and 
	{Bender}, R. and {Bernardi}, P. and {Chapron}, F. and {Clenet}, Y. and 
	{Deep}, A. and {Deul}, E. and {Drost}, M. and {Eisenhauer}, F. and 
	{Falomo}, R. and {Fiorentino}, G. and {F{\"o}rster Schreiber}, N.~M. and 
	{Gendron}, E. and {Genzel}, R. and {Gratadour}, D. and {Greggio}, L. and 
	{Grupp}, F. and {Held}, E. and {Herbst}, T. and {Hess}, H.-J. and 
	{Hubert}, Z. and {Jahnke}, K. and {Kuijken}, K. and {Lutz}, D. and 
	{Magrin}, D. and {Muschielok}, B. and {Navarro}, R. and {Noyola}, E. and 
	{Paumard}, T. and {Piotto}, G. and {Ragazzoni}, R. and {Renzini}, A. and 
	{Rousset}, G. and {Rix}, H.-W. and {Saglia}, R. and {Tacconi}, L. and 
	{Thiel}, M. and {Tolstoy}, E. and {Trippe}, S. and {Tromp}, N. and 
	{Valentijn}, E.~A. and {Verdoes Kleijn}, G. and {Wegner}, M.
	},
    title = "{MICADO: the E-ELT adaptive optics imaging camera}",
booktitle = {Ground-based and Airborne Instrumentation for Astronomy III},
     year = 2010,
   series = {\procspie},
   volume = 7735,
archivePrefix = "arXiv",
   eprint = {1005.5009},
 primaryClass = "astro-ph.IM",
    month = jul,
      eid = {77352A},
    pages = {77352A},
      doi = {10.1117/12.856379},
   adsurl = {http://adsabs.harvard.edu/abs/2010SPIE.7735E..2AD},
  adsnote = {Provided by the SAO/NASA Astrophysics Data System}
}


@INPROCEEDINGS{micado2016,
   author = {{Davies}, R. and {Schubert}, J. and {Hartl}, M. and {Alves}, J. and 
	{Cl{\'e}net}, Y. and {Lang-Bardl}, F. and {Nicklas}, H. and 
	{Pott}, J.-U. and {Ragazzoni}, R. and {Tolstoy}, E. and {Agocs}, T. and 
	{Anwand-Heerwart}, H. and {Barboza}, S. and {Baudoz}, P. and 
	{Bender}, R. and {Bizenberger}, P. and {Boccaletti}, A. and 
	{Boland}, W. and {Bonifacio}, P. and {Briegel}, F. and {Buey}, T. and 
	{Chapron}, F. and {Cohen}, M. and {Czoske}, O. and {Dreizler}, S. and 
	{Falomo}, R. and {Feautrier}, P. and {F{\"o}rster Schreiber}, N. and 
	{Gendron}, E. and {Genzel}, R. and {Gl{\"u}ck}, M. and {Gratadour}, D. and 
	{Greimel}, R. and {Grupp}, F. and {H{\"a}user}, M. and {Haug}, M. and 
	{Hennawi}, J. and {Hess}, H.~J. and {H{\"o}rmann}, V. and {Hofferbert}, R. and 
	{Hopp}, U. and {Hubert}, Z. and {Ives}, D. and {Kausch}, W. and 
	{Kerber}, F. and {Kravcar}, H. and {Kuijken}, K. and {Lang-Bardl}, F. and 
	{Leitzinger}, M. and {Leschinski}, K. and {Massari}, D. and 
	{Mei}, S. and {Merlin}, F. and {Mohr}, L. and {Monna}, A. and 
	{M{\"u}ller}, F. and {Navarro}, R. and {Plattner}, M. and {Przybilla}, N. and 
	{Ramlau}, R. and {Ramsay}, S. and {Ratzka}, T. and {Rhode}, P. and 
	{Richter}, J. and {Rix}, H.-W. and {Rodeghiero}, G. and {Rohloff}, R.-R. and 
	{Rousset}, G. and {Ruddenklau}, R. and {Schaffenroth}, V. and 
	{Schlichter}, J. and {Sevin}, A. and {Stuik}, R. and {Sturm}, E. and 
	{Thomas}, J. and {Tromp}, N. and {Turatto}, M. and {Verdoes-Kleijn}, G. and 
	{Vidal}, F. and {Wagner}, R. and {Wegner}, M. and {Zeilinger}, W. and 
	{Ziegler}, B. and {Zins}, G.},
    title = "{MICADO: first light imager for the E-ELT}",
booktitle = {Society of Photo-Optical Instrumentation Engineers (SPIE) Conference Series},
     year = 2016,
   series = {\procspie},
   volume = 9908,
archivePrefix = "arXiv",
   eprint = {1607.01954},
 primaryClass = "astro-ph.IM",
    month = aug,
      eid = {99081Z},
    pages = {99081Z},
      doi = {10.1117/12.2233047},
   adsurl = {http://adsabs.harvard.edu/abs/2016SPIE.9908E..1ZD},
  adsnote = {Provided by the SAO/NASA Astrophysics Data System}
}


@INPROCEEDINGS{metis,
   author = {{Brandl}, B.~R. and {Lenzen}, R. and {Pantin}, E. and {Glasse}, A. and 
	{Blommaert}, J. and {Venema}, L. and {Molster}, F. and {Siebenmorgen}, R. and 
	{Boehnhardt}, H. and {van Dishoeck}, E. and {van der Werf}, P. and 
	{Henning}, T. and {Brandner}, W. and {Lagage}, P.-O. and {Moore}, T.~J.~T. and 
	{Baes}, M. and {Waelkens}, C. and {Wright}, C. and {K{\"a}ufl}, H.~U. and 
	{Kendrew}, S. and {Stuik}, R. and {Jolissaint}, L.},
    title = "{METIS: the Mid-infrared E-ELT Imager and Spectrograph}",
booktitle = {Ground-based and Airborne Instrumentation for Astronomy II},
     year = 2008,
   series = {\procspie},
   volume = 7014,
archivePrefix = "arXiv",
   eprint = {0807.3271},
    month = jul,
      eid = {70141N},
    pages = {70141N},
      doi = {10.1117/12.789241},
   adsurl = {http://adsabs.harvard.edu/abs/2008SPIE.7014E..1NB},
  adsnote = {Provided by the SAO/NASA Astrophysics Data System}
}


@INPROCEEDINGS{metis2016,
   author = {{Brandl}, B.~R. and {Ag{\'o}cs}, T. and {Aitink-Kroes}, G. and 
	{Bertram}, T. and {Bettonvil}, F. and {van Boekel}, R. and {Boulade}, O. and 
	{Feldt}, M. and {Glasse}, A. and {Glauser}, A. and {G{\"u}del}, M. and 
	{Hurtado}, N. and {Jager}, R. and {Kenworthy}, M.~A. and {Mach}, M. and 
	{Meisner}, J. and {Meyer}, M. and {Pantin}, E. and {Quanz}, S. and 
	{Schmid}, H.~M. and {Stuik}, R. and {Veninga}, A. and {Waelkens}, C.
	},
    title = "{Status of the mid-infrared E-ELT imager and spectrograph METIS}",
booktitle = {Ground-based and Airborne Instrumentation for Astronomy VI},
     year = 2016,
   series = {\procspie},
   volume = 9908,
    month = aug,
      eid = {990820},
    pages = {990820},
      doi = {10.1117/12.2233974},
   adsurl = {http://adsabs.harvard.edu/abs/2016SPIE.9908E..20B},
  adsnote = {Provided by the SAO/NASA Astrophysics Data System}
}



@INPROCEEDINGS{harmoni,
   author = {{Thatte}, N. and {Tecza}, M. and {Clarke}, F. and {Davies}, R.~L. and 
	{Remillieux}, A. and {Bacon}, R. and {Lunney}, D. and {Arribas}, S. and 
	{Mediavilla}, E. and {Gago}, F. and {Bezawada}, N. and {Ferruit}, P. and 
	{Fragoso}, A. and {Freeman}, D. and {Fuentes}, J. and {Fusco}, T. and 
	{Gallie}, A. and {Garcia}, A. and {Goodsall}, T. and {Gracia}, F. and 
	{Jarno}, A. and {Kosmalski}, J. and {Lynn}, J. and {McLay}, S. and 
	{Montgomery}, D. and {Pecontal}, A. and {Schnetler}, H. and 
	{Smith}, H. and {Sosa}, D. and {Battaglia}, G. and {Bowles}, N. and 
	{Colina}, L. and {Emsellem}, E. and {Garcia-Perez}, A. and {Gladysz}, S. and 
	{Hook}, I. and {Irwin}, P. and {Jarvis}, M. and {Kennicutt}, R. and 
	{Levan}, A. and {Longmore}, A. and {Magorrian}, J. and {McCaughrean}, M. and 
	{Origlia}, L. and {Rebolo}, R. and {Rigopoulou}, D. and {Ryan}, S. and 
	{Swinbank}, M. and {Tanvir}, N. and {Tolstoy}, E. and {Verma}, A.
	},
    title = "{HARMONI: a single-field wide-band integral-field spectrograph for the European ELT}",
booktitle = {Ground-based and Airborne Instrumentation for Astronomy III},
     year = 2010,
   series = {\procspie},
   volume = 7735,
    month = jul,
      eid = {77352I},
    pages = {77352I},
      doi = {10.1117/12.857445},
   adsurl = {http://adsabs.harvard.edu/abs/2010SPIE.7735E..2IT},
  adsnote = {Provided by the SAO/NASA Astrophysics Data System}
}


@ARTICLE{maory,
   author = {{Diolaiti}, E.},
    title = "{MAORY: A Multi-conjugate Adaptive Optics RelaY for the E-ELT}",
  journal = {The Messenger},
     year = 2010,
    month = jun,
   volume = 140,
    pages = {28-29},
   adsurl = {http://adsabs.harvard.edu/abs/2010Msngr.140...28D},
  adsnote = {Provided by the SAO/NASA Astrophysics Data System}
}


@INPROCEEDINGS{maory2016,
   author = {{Diolaiti}, E. and {Ciliegi}, P. and {Abicca}, R. and {Agapito}, G. and 
	{Arcidiacono}, C. and {Baruffolo}, A. and {Bellazzini}, M. and 
	{Biliotti}, V. and {Bonaglia}, M. and {Bregoli}, G. and {Briguglio}, R. and 
	{Brissaud}, O. and {Busoni}, L. and {Carbonaro}, L. and {Carlotti}, A. and 
	{Cascone}, E. and {Correia}, J.-J. and {Cortecchia}, F. and 
	{Cosentino}, G. and {De Caprio}, V. and {de Pascale}, M. and 
	{De Rosa}, A. and {Del Vecchio}, C. and {Delboulb{\'e}}, A. and 
	{Di Rico}, G. and {Esposito}, S. and {Fantinel}, D. and {Feautrier}, P. and 
	{Felini}, C. and {Ferruzzi}, D. and {Fini}, L. and {Fiorentino}, G. and 
	{Foppiani}, I. and {Ghigo}, M. and {Giordano}, C. and {Giro}, E. and 
	{Gluck}, L. and {H{\'e}nault}, F. and {Jocou}, L. and {Kerber}, F. and 
	{La Penna}, P. and {Lafrasse}, S. and {Lauria}, M. and {le Coarer}, E. and 
	{Le Louarn}, M. and {Lombini}, M. and {Magnard}, Y. and {Maiorano}, E. and 
	{Mannucci}, F. and {Mapelli}, M. and {Marchetti}, E. and {Maurel}, D. and 
	{Michaud}, L. and {Morgante}, G. and {Moulin}, T. and {Oberti}, S. and 
	{Pareschi}, G. and {Patti}, M. and {Puglisi}, A. and {Rabou}, P. and 
	{Ragazzoni}, R. and {Ramsay}, S. and {Riccardi}, A. and {Ricciardi}, S. and 
	{Riva}, M. and {Rochat}, S. and {Roussel}, F. and {Roux}, A. and 
	{Salasnich}, B. and {Saracco}, P. and {Schreiber}, L. and {Spavone}, M. and 
	{Stadler}, E. and {Sztefek}, M.-H. and {Ventura}, N. and {V{\'e}rinaud}, C. and 
	{Xompero}, M. and {Fontana}, A. and {Zerbi}, F.~M.},
    title = "{MAORY: adaptive optics module for the E-ELT}",
booktitle = {Society of Photo-Optical Instrumentation Engineers (SPIE) Conference Series},
     year = 2016,
   series = {\procspie},
   volume = 9909,
    month = jul,
      eid = {99092D},
    pages = {99092D},
      doi = {10.1117/12.2234585},
   adsurl = {http://adsabs.harvard.edu/abs/2016SPIE.9909E..2DD},
  adsnote = {Provided by the SAO/NASA Astrophysics Data System}
}



@INPROCEEDINGS{nirspec,
   author = {{Posselt}, W. and {Holota}, W. and {Kulinyak}, E. and {Kling}, G. and 
	{Kutscheid}, T. and {Le Fevre}, O. and {Prieto}, E. and {Ferruit}, P.
	},
    title = "{NIRSpec: near-infrared spectrograph for the JWST}",
booktitle = {Optical, Infrared, and Millimeter Space Telescopes},
     year = 2004,
   series = {\procspie},
   volume = 5487,
   editor = {{Mather}, J.~C.},
    month = oct,
    pages = {688-697},
      doi = {10.1117/12.555659},
   adsurl = {http://adsabs.harvard.edu/abs/2004SPIE.5487..688P},
  adsnote = {Provided by the SAO/NASA Astrophysics Data System}
}



@ARTICLE{hawki,
   author = {{Kissler-Patig}, M. and {Pirard}, J.-F. and {Casali}, M. and 
	{Moorwood}, A. and {Ageorges}, N. and {Alves de Oliveira}, C. and 
	{Baksai}, P. and {Bedin}, L.~R. and {Bendek}, E. and {Biereichel}, P. and 
	{Delabre}, B. and {Dorn}, R. and {Esteves}, R. and {Finger}, G. and 
	{Gojak}, D. and {Huster}, G. and {Jung}, Y. and {Kiekebush}, M. and 
	{Klein}, B. and {Koch}, F. and {Lizon}, J.-L. and {Mehrgan}, L. and 
	{Petr-Gotzens}, M. and {Pritchard}, J. and {Selman}, F. and 
	{Stegmeier}, J.},
    title = "{HAWK-I: the high-acuity wide-field K-band imager for the ESO Very Large Telescope}",
  journal = {\aap},
 keywords = {instrumentation: miscellaneous, infrared: general},
     year = 2008,
    month = dec,
   volume = 491,
    pages = {941-950},
      doi = {10.1051/0004-6361:200809910},
   adsurl = {http://esoads.eso.org/abs/2008A%26A...491..941K},
  adsnote = {Provided by the SAO/NASA Astrophysics Data System}
}




@ARTICLE{cuby2000,
   author = {{Cuby}, J.~G. and {Lidman}, C. and {Moutou}, C.},
    title = "{ISAAC: 18 Months of Paranal Science Operations}",
  journal = {The Messenger},
     year = 2000,
    month = sep,
   volume = 101,
    pages = {2-8},
   adsurl = {http://adsabs.harvard.edu/abs/2000Msngr.101....2C},
  adsnote = {Provided by the SAO/NASA Astrophysics Data System}
}


@BOOK{hst_wfc3,
   author = {{Rajan}, A. and {et al.}},
    title = "{WFC3 Data Handbook v. 2.1}",
 keywords = {WFC3, Wide Field Camera 3, HST, WFC3/UVIS, WFC3/IR  },
booktitle = {WFC3 Data Handbook, HST Data Handbooks},
     year = 2011,
    month = may,
   adsurl = {http://adsabs.harvard.edu/abs/2011wfc3.book.....R},
  adsnote = {Provided by the SAO/NASA Astrophysics Data System},
publisher = {STSci}
}