% References pertaining to MICADO


@INPROCEEDINGS{clenet2013,
   author = {{Clenet}, Y. and {Gratadour}, D. and {Gendron}, E. and {Rousset}, G. and 
	{Sevin}, A.},
    title = "{First GPU-based end-to-end AO simulations to dimension the E-ELT MICADO SCAO mode}",
booktitle = {Proceedings of the Third AO4ELT Conference},
     year = 2013,
   editor = {{Esposito}, S. and {Fini}, L.},
    month = dec,
      eid = {29},
    pages = {29},
      doi = {10.12839/AO4ELT3.13240},
   adsurl = {http://adsabs.harvard.edu/abs/2013aoel.confE..29C},
  adsnote = {Provided by the SAO/NASA Astrophysics Data System}
}


@ARTICLE{clenet2015,
   author = {{Cl{\'e}net}, Y. and {Gendron}, E. and {Gratadour}, D. and {Rousset}, G. and 
	{Vidal}, F.},
    title = "{Anisoplanatism effect on the E-ELT SCAO point spread function. A preserved coherent core across the field}",
  journal = {\aap},
 keywords = {atmospheric effects, instrumentation: adaptive optics, methods: numerical},
     year = 2015,
    month = nov,
   volume = 583,
      eid = {A102},
    pages = {A102},
      doi = {10.1051/0004-6361/201425469},
   adsurl = {http://adsabs.harvard.edu/abs/2015A%26A...583A.102C},
  adsnote = {Provided by the SAO/NASA Astrophysics Data System}
}




@INPROCEEDINGS{clenet2016,
   author = {{Cl{\'e}net}, Y. and {Buey}, T. and {Rousset}, G. and {Gendron}, E. and 
	{Esposito}, S. and {Hubert}, Z. and {Busoni}, L. and {Cohen}, M. and 
	{Riccardi}, A. and {Chapron}, F. and {Bonaglia}, M. and {Sevin}, A. and 
	{Baudoz}, P. and {Feautrier}, P. and {Zins}, G. and {Gratadour}, D. and 
	{Vidal}, F. and {Chemla}, F. and {Ferreira}, F. and {Doucet}, N. and 
	{Durand}, S. and {Carlotti}, A. and {Perrot}, C. and {Schreiber}, L. and 
	{Lombini}, M. and {Ciliegi}, P. and {Diolaiti}, E. and {Schubert}, J. and 
	{Davies}, R.},
    title = "{Joint MICADO-MAORY SCAO mode: specifications, prototyping, simulations and preliminary design}",
booktitle = {Society of Photo-Optical Instrumentation Engineers (SPIE) Conference Series},
     year = 2016,
   series = {\procspie},
   volume = 9909,
    month = jul,
      eid = {99090A},
    pages = {99090A},
      doi = {10.1117/12.2231192},
   adsurl = {http://adsabs.harvard.edu/abs/2016SPIE.9909E..0AC},
  adsnote = {Provided by the SAO/NASA Astrophysics Data System}
}





