
@ARTICLE{vorontsov2017,
   author = {{Vorontsov}, S.~V. and {Jefferies}, S.~M.},
    title = "{A new approach to blind deconvolution of astronomical images}",
  journal = {Inverse Problems},
     year = 2017,
    month = may,
   volume = 33,
   number = 5,
      eid = {055004},
    pages = {055004},
      doi = {10.1088/1361-6420/aa5e16},
   adsurl = {http://adsabs.harvard.edu/abs/2017InvPr..33e5004V},
  adsnote = {Provided by the SAO/NASA Astrophysics Data System}
}
