% Simulator references


@INPROCEEDINGS{leschinski2016,
   author = {{Leschinski}, K. and {Czoske}, O. and {K{\"o}hler}, R. and {Mach}, M. and 
	{Zeilinger}, W. and {Verdoes Kleijn}, G. and {Alves}, J. and 
	{Kausch}, W. and {Przybilla}, N.},
    title = "{SimCADO: an instrument data simulator package for MICADO at the E-ELT}",
booktitle = {Society of Photo-Optical Instrumentation Engineers (SPIE) Conference Series},
     year = 2016,
   series = {\procspie},
   volume = 9911,
archivePrefix = "arXiv",
   eprint = {1609.01480},
 primaryClass = "astro-ph.IM",
    month = aug,
      eid = {991124},
    pages = {991124},
      doi = {10.1117/12.2232483},
   adsurl = {http://adsabs.harvard.edu/abs/2016SPIE.9911E..24L},
  adsnote = {Provided by the SAO/NASA Astrophysics Data System}
}



@INPROCEEDINGS{metissim,
   author = {{Schmalzl}, E. and {Meisner}, J. and {Venema}, L. and {Kendrew}, S. and 
	{Brandl}, B. and {Blommaert}, J. and {Glasse}, A. and {Lenzen}, R. and 
	{Meyer}, M. and {Molster}, F. and {Pantin}, E.},
    title = "{An end-to-end instrument model for the proposed E-ELT instrument METIS}",
booktitle = {Modeling, Systems Engineering, and Project Management for Astronomy V},
     year = 2012,
   series = {\procspie},
   volume = 8449,
    month = sep,
      eid = {84491P},
    pages = {84491P},
      doi = {10.1117/12.925938},
   adsurl = {http://adsabs.harvard.edu/abs/2012SPIE.8449E..1PS},
  adsnote = {Provided by the SAO/NASA Astrophysics Data System}
}


@ARTICLE{hsim,
   author = {{Zieleniewski}, S. and {Thatte}, N. and {Kendrew}, S. and {Houghton}, R.~C.~W. and 
	{Swinbank}, A.~M. and {Tecza}, M. and {Clarke}, F. and {Fusco}, T.
	},
    title = "{HSIM: a simulation pipeline for the HARMONI integral field spectrograph on the European ELT}",
  journal = {\mnras},
archivePrefix = "arXiv",
   eprint = {1508.04441},
 primaryClass = "astro-ph.IM",
 keywords = {instrumentation: adaptive optics, instrumentation: spectrographs, galaxies: high-redshift, galaxies: kinematics and dynamics},
     year = 2015,
    month = nov,
   volume = 453,
    pages = {3754-3765},
      doi = {10.1093/mnras/stv1860},
   adsurl = {http://adsabs.harvard.edu/abs/2015MNRAS.453.3754Z},
  adsnote = {Provided by the SAO/NASA Astrophysics Data System}
}




@ARTICLE{phosim,
   author = {{Peterson}, J.~R. and {Jernigan}, J.~G. and {Kahn}, S.~M. and 
	{Rasmussen}, A.~P. and {Peng}, E. and {Ahmad}, Z. and {Bankert}, J. and 
	{Chang}, C. and {Claver}, C. and {Gilmore}, D.~K. and {Grace}, E. and 
	{Hannel}, M. and {Hodge}, M. and {Lorenz}, S. and {Lupu}, A. and 
	{Meert}, A. and {Nagarajan}, S. and {Todd}, N. and {Winans}, A. and 
	{Young}, M.},
    title = "{Simulation of Astronomical Images from Optical Survey Telescopes Using a Comprehensive Photon Monte Carlo Approach}",
  journal = {\apjs},
archivePrefix = "arXiv",
   eprint = {1504.06570},
 primaryClass = "astro-ph.IM",
 keywords = {atmospheric effects, cosmology: observations, Galaxy: structure, instrumentation: detectors, surveys, telescopes},
     year = 2015,
    month = may,
   volume = 218,
      eid = {14},
    pages = {14},
      doi = {10.1088/0067-0049/218/1/14},
   adsurl = {http://adsabs.harvard.edu/abs/2015ApJS..218...14P},
  adsnote = {Provided by the SAO/NASA Astrophysics Data System}
}


@INPROCEEDINGS{toad,
   author = {{Winkler}, R. and {Haynes}, D.~M. and {Bellido-Tirado}, O. and 
	{Xu}, W. and {Haynes}, R.},
    title = "{TOAD: a numerical model for the 4MOST instrument}",
booktitle = {Modeling, Systems Engineering, and Project Management for Astronomy VI},
     year = 2014,
   series = {\procspie},
   volume = 9150,
    month = aug,
      eid = {91500T},
    pages = {91500T},
      doi = {10.1117/12.2056463},
   adsurl = {http://adsabs.harvard.edu/abs/2014SPIE.9150E..0TW},
  adsnote = {Provided by the SAO/NASA Astrophysics Data System}
}


@INPROCEEDINGS{irissim,
   author = {{Wright}, S.~A. and {Walth}, G. and {Do}, T. and {Marshall}, D. and 
	{Larkin}, J.~E. and {Moore}, A.~M. and {Adamkovics}, M. and 
	{Andersen}, D. and {Armus}, L. and {Barth}, A. and {Cote}, P. and 
	{Cooke}, J. and {Chisholm}, E.~M. and {Davidge}, T. and {Dunn}, J.~S. and 
	{Dumas}, C. and {Ellerbroek}, B.~L. and {Ghez}, A.~M. and {Hao}, L. and 
	{Hayano}, Y. and {Liu}, M. and {Lopez-Rodriguez}, E. and {Lu}, J.~R. and 
	{Mao}, S. and {Marois}, C. and {Pandey}, S.~B. and {Phillips}, A.~C. and 
	{Schoeck}, M. and {Subramaniam}, A. and {Subramanian}, S. and 
	{Suzuki}, R. and {Tan}, J.~C. and {Terai}, T. and {Treu}, T. and 
	{Simard}, L. and {Weiss}, J.~L. and {Wincentsen}, J. and {Wong}, M. and 
	{Zhang}, K.},
    title = "{The infrared imaging spectrograph (IRIS) for TMT: latest science cases and simulations}",
booktitle = {Society of Photo-Optical Instrumentation Engineers (SPIE) Conference Series},
     year = 2016,
   series = {\procspie},
   volume = 9909,
archivePrefix = "arXiv",
   eprint = {1608.01696},
 primaryClass = "astro-ph.IM",
    month = jul,
      eid = {990905},
    pages = {990905},
      doi = {10.1117/12.2233182},
   adsurl = {http://adsabs.harvard.edu/abs/2016SPIE.9909E..05W},
  adsnote = {Provided by the SAO/NASA Astrophysics Data System}
}




@ARTICLE{skycalc1,
   author = {{Noll}, S. and {Kausch}, W. and {Barden}, M. and {Jones}, A.~M. and 
	{Szyszka}, C. and {Kimeswenger}, S. and {Vinther}, J.},
    title = "{An atmospheric radiation model for Cerro Paranal. I. The optical spectral range}",
  journal = {\aap},
archivePrefix = "arXiv",
   eprint = {1205.2003},
 primaryClass = "astro-ph.IM",
 keywords = {atmospheric effects, site testing, radiative transfer, radiation mechanisms: general, scattering, techniques: spectroscopic},
     year = 2012,
    month = jul,
   volume = 543,
      eid = {A92},
    pages = {A92},
      doi = {10.1051/0004-6361/201219040},
   adsurl = {http://adsabs.harvard.edu/abs/2012A%26A...543A..92N},
  adsnote = {Provided by the SAO/NASA Astrophysics Data System}
}


@ARTICLE{skycalc2,
   author = {{Jones}, A. and {Noll}, S. and {Kausch}, W. and {Szyszka}, C. and 
	{Kimeswenger}, S.},
    title = "{An advanced scattered moonlight model for Cerro Paranal}",
  journal = {\aap},
archivePrefix = "arXiv",
   eprint = {1310.7030},
 primaryClass = "astro-ph.IM",
 keywords = {Moon, atmospheric effects, radiative transfer, scattering, methods: data analysis, techniques: spectroscopic},
     year = 2013,
    month = dec,
   volume = 560,
      eid = {A91},
    pages = {A91},
      doi = {10.1051/0004-6361/201322433},
   adsurl = {http://adsabs.harvard.edu/abs/2013A%26A...560A..91J},
  adsnote = {Provided by the SAO/NASA Astrophysics Data System}
}




@INPROCEEDINGS{maorySim,
   author = {{Arcidiacono}, C. and {Schreiber}, L. and {Bregoli}, G. and 
	{Diolaiti}, E. and {Foppiani}, I. and {Cosentino}, G. and {Lombini}, M. and 
	{Butler}, R.~C. and {Ciliegi}, P.},
    title = "{End to end numerical simulations of the MAORY multiconjugate adaptive optics system}",
booktitle = {Adaptive Optics Systems IV},
     year = 2014,
   series = {\procspie},
   volume = 9148,
archivePrefix = "arXiv",
   eprint = {1408.0698},
 primaryClass = "astro-ph.IM",
    month = aug,
      eid = {91486F},
    pages = {91486F},
      doi = {10.1117/12.2055608},
   adsurl = {http://adsabs.harvard.edu/abs/2014SPIE.9148E..6FA},
  adsnote = {Provided by the SAO/NASA Astrophysics Data System}
}