% References for surveys


@ARTICLE{cohen2015,
   author = {{Cohen}, R.~E. and {Hempel}, M. and {Mauro}, F. and {Geisler}, D. and 
	{Alonso-Garcia}, J. and {Kinemuchi}, K.},
    title = "{Wide Field Near-infrared Photometry of 12 Galactic Globular Clusters: Observations Versus Models on the Red Giant Branch}",
  journal = {\aj},
archivePrefix = "arXiv",
   eprint = {1509.01470},
 primaryClass = "astro-ph.SR",
 keywords = {globular clusters: general, globular clusters: individual: NGC 104, NGC 288, NGC 362, NGC 1261, NGC 1851, NGC 2808, NGC 4833, NGC 5927, NGC 6304, NGC 6496, NGC 6584, NGC 7099, infrared: stars},
     year = 2015,
    month = dec,
   volume = 150,
      eid = {176},
    pages = {176},
      doi = {10.1088/0004-6256/150/6/176},
   adsurl = {http://adsabs.harvard.edu/abs/2015AJ....150..176C},
  adsnote = {Provided by the SAO/NASA Astrophysics Data System}
}



@ARTICLE{2mass,
   author = {{Skrutskie}, M.~F. and {Cutri}, R.~M. and {Stiening}, R. and 
	{Weinberg}, M.~D. and {Schneider}, S. and {Carpenter}, J.~M. and 
	{Beichman}, C. and {Capps}, R. and {Chester}, T. and {Elias}, J. and 
	{Huchra}, J. and {Liebert}, J. and {Lonsdale}, C. and {Monet}, D.~G. and 
	{Price}, S. and {Seitzer}, P. and {Jarrett}, T. and {Kirkpatrick}, J.~D. and 
	{Gizis}, J.~E. and {Howard}, E. and {Evans}, T. and {Fowler}, J. and 
	{Fullmer}, L. and {Hurt}, R. and {Light}, R. and {Kopan}, E.~L. and 
	{Marsh}, K.~A. and {McCallon}, H.~L. and {Tam}, R. and {Van Dyk}, S. and 
	{Wheelock}, S.},
    title = "{The Two Micron All Sky Survey (2MASS)}",
  journal = {\aj},
 keywords = {Catalogs, Infrared: General, Surveys},
     year = 2006,
    month = feb,
   volume = 131,
    pages = {1163-1183},
      doi = {10.1086/498708},
   adsurl = {http://adsabs.harvard.edu/abs/2006AJ....131.1163S},
  adsnote = {Provided by the SAO/NASA Astrophysics Data System}
}
