% telescope refeerences

@ARTICLE{eelt,
   author = {{Gilmozzi}, R. and {Spyromilio}, J.},
    title = "{The European Extremely Large Telescope (E-ELT)}",
  journal = {The Messenger},
     year = 2007,
    month = mar,
   volume = 127,
   adsurl = {http://adsabs.harvard.edu/abs/2007Msngr.127...11G},
  adsnote = {Provided by the SAO/NASA Astrophysics Data System}
}


@ARTICLE{boccas06,
   author = {{Boccas}, M. and {Vucina}, T. and {Araya}, C. and {Vera}, E. and 
	{Ahhee}, C.},
    title = "{Protected-silver coatings for the 8-m Gemini telescope mirrors}",
  journal = {Thin Solid Films},
     year = 2006,
    month = apr,
   volume = 502,
    pages = {275-280},
      doi = {10.1016/j.tsf.2005.07.295},
   adsurl = {http://adsabs.harvard.edu/abs/2006TSF...502..275B},
  adsnote = {Provided by the SAO/NASA Astrophysics Data System}
}


@INPROCEEDINGS{vlt_mirror,
   author = {{Dierickx}, P. and {Enard}, D. and {Merkle}, F. and {Noethe}, L. and 
	{Wilson}, R.~N.},
    title = "{ESO VLT. II - Optical specifications and performance of large optics}",
 keywords = {Atmospheric Optics, Seeing (Astronomy), Telescopes, Wave Diffraction, Algorithms, Instrument Errors, Mirrors, Optical Properties, Root-Mean-Square Errors, Very Large Array (Vla)},
booktitle = {Advanced Technology Optical Telescopes IV},
     year = 1990,
   series = {\procspie},
   volume = 1236,
   editor = {{Barr}, L.~D.},
    month = jul,
    pages = {138-151},
   adsurl = {http://adsabs.harvard.edu/abs/1990SPIE.1236..138D},
  adsnote = {Provided by the SAO/NASA Astrophysics Data System}
}
